<?xml version="1.0" encoding="UTF-8"?><collection xmlns="http://www.loc.gov/MARC21/slim"><record><leader>00537nam--2200193-u-4500</leader><controlfield tag="001">000056250</controlfield><controlfield tag="002">20161230</controlfield><controlfield tag="005">20161230201052</controlfield><controlfield tag="008">150128s1000------------r-----000-0-rum-d</controlfield><datafield ind1=" " ind2=" " tag="040"><subfield code="a">IFIN-HH</subfield></datafield><datafield ind1=" " ind2=" " tag="041"><subfield code="a">rum</subfield></datafield><datafield ind1=" " ind2=" " tag="080"><subfield code="a">53:530.14</subfield></datafield><datafield ind1="1" ind2=" " tag="100"><subfield code="a">Peierls, R.E</subfield></datafield><datafield ind1="1" ind2="0" tag="245"><subfield code="a">Legile naturii</subfield><subfield code="b">In romaneste de josefina friedlander</subfield><subfield code="c">R.e. peierls</subfield></datafield><datafield ind1=" " ind2=" " tag="260"><subfield code="a">Bucuresti</subfield><subfield code="b">Editura Stiintifica</subfield><subfield code="c">1963</subfield></datafield><datafield ind1=" " ind2=" " tag="300"><subfield code="a">319P</subfield></datafield><datafield ind1=" " ind2=" " tag="500"><subfield code="a">Titlul Original In Limba Engleza: The Laws Of Nature</subfield></datafield><datafield ind1=" " ind2=" " tag="852"><subfield code="a">9082</subfield><subfield code="c">53</subfield></datafield><datafield ind1=" " ind2=" " tag="CAT"><subfield code="a">Sys</subfield><subfield code="c">20150128</subfield><subfield code="h">202725</subfield></datafield></record></collection>